@article{watts1986,
  author = "J. W. Watts",
  title = "A Compositional Formulation of the Pressure and Saturation Equations",
  journal = "SPE",
  year = 1986,
  volume = 12244
}

@article{peaceman1978,
  author = "Donald W. Peaceman",
  title = "Interpretation of Well-Block Pressures in Numerical
  Reservoir Simulation",
  journal = "SPE",
  year = 1978,
  volume = 6893
}

@article{coats1978,
  author = "K. H. Coats",
  title = "A Highly Implicit Steamflood Model",
  journal = "SPE",
  year = 1978,
  volume = 6105
}

@techreport{aavatsmarkell,
  author = "Ivar Aavatsmark",
  title = "Bevarelsesmetoder for elliptiske differensialligninger",
  institution = "Institutt for Informatikk, Universitetet i Bergen",
  year = 2004
}  

@book{allen1988,
  author = "Myron Bartlett Allen and Grace Alda Behie and John Arthur Trangenstein",
  title = "Multiphase Flow in Porous Media",
  publisher = "Springer",
  year = 1988,
  volume = 34,
  series = "Lecture Notes in Engineering"
}

@book{welty1984,
  author = "J. R. Welty and C. E. Wicks and R. E. Wilson",
  title = "Fundamentals of Momentum, Heat, and Mass Transfer",
  publisher = "John Wiley \& Sons",
  year = 1984,
  edition = "Third"
}

@techreport{heimsund-mtj-2005,
  author = "Bj{\o}rn-Ove Heimsund",
  title = "High performance numerical libraries in Java",
  institution = "Unifob, University of Bergen",
  number = "2",
  year = 2005
}

@phdthesis{heimsund2005,
  author = "Bj{\o}rn-Ove Heimsund",
  title = "Mathematical and Numerical Methods for Reservoir Fluid Flow
  Simulation",
  school = "Universitetet i Bergen",
  year = 2005
}

@book{kleppe2004,
  author = "Hans Kleppe",
  title = "Reservoir simulation",
  publisher = "Stavanger University College",
  year = 2004
}

@book{pettersen1990,
  author = "{\O}ystein Pettersen",
  title = "Grunnkurs i Reservoarmekanikk",
  publisher = "Department of mathematics, University of Bergen",
  year = 1990
}

@phdthesis{oian2004,
  author = "Erlend {\O}ian",
  title = "Modeling of Flow in Faulted and Fractured Media",
  school = "Universitetet i Bergen",
  year = 2004
}

@phdthesis{chaib2002,
  author = "Mohamed Chaib",
  title = "Implicit Molar Mass Formulations in Secondary Oil Migration",
  school = "Universitetet i Bergen",
  year = 2002
}

@phdthesis{reme1999,
  author = "Hilde Reme",
  title = "The Preconditioning and Multi-Point Flux Approximation
  Methods for solving Secondary Oil Migration and Upscaling Problems",
  school = "Universitetet i Bergen",
  year = 1999
}

@article{blas1,
  author="C. L. Lawson and R. J. Hanson and D. Kincaid and F. T. Krogh",
  title="{Basic Linear Algebra Subprograms for FORTRAN usage}",
  journal="ACM TOMS",
  year=1979,
  volume=5,
  pages="308-323"
}

@article{blas2,
  author="J. Dongarra and J. Du Croz and S. Hammarling and R. J. Hanson",
  title="{An extended set of FORTRAN Basic Linear Algebra Subprograms}",
  journal="ACM TOMS",
  year=1988,
  volume=14,
  pages="1-17"
}

@article{blas3,
  author="J. Dongarra and J. Du Croz and S. Hammarling and R. J. Hanson",
  title="{Algorithm 656: An extended set of FORTRAN Basic Linear Algebra Subprograms}",
  journal="ACM TOMS",
  year=1988,
  volume=14,
  pages="18-32"
}

@article{blas4,
  author="J. Dongarra and J. Du Croz and I. S. Duff and S. Hammarling",
  title="{A set of Level 3 Basic Linear Algebra Subprograms}",
  journal="ACM TOMS",
  year=1990,
  volume=16,
  pages="1-17"
}

@article{blas5,
  author="J. Dongarra and J. Du Croz and I. S. Duff and S. Hammarling",
  title="{Algorithm 679: A set of Level 3 Basic Linear Algebra Subprograms}",
  journal="ACM TOMS",
  year=1990,
  volume=16,
  pages="18--28"
}

@book{lug,
  author="E. Anderson and Z. Bai and C. Bischof and S. Blackford and J. Demmel and J. Dongarra and J. Du Croz and A. Greenbaum and S. Hammarling and A. McKenney and D. Sorensen",
  title="{LAPACK Users' Guide}",
  publisher="SIAM",
  year=1999,
  edition="Third"
}

@book{saad1995,
  author = "Yousef Saad",
  title = "Iterative methods for sparse linear systems",
  year = 1995,
  publisher = "PWS Publishing Company"
}

@book{templates, 
  author = {R. Barrett and M. Berry and Tony F. Chan and James Demmel and J. Donato and Jack Dongarra and Victor Eijkhout and Roldan Pozo and C. Romine and Henk van der Vorst }, 
  title = {Templates for the Solution of Linear Systems: Building Blocks for Iterative Methods}, 
  publisher = {SIAM}, 
  year = 1994, 
  edition = "Second"
}

@book{java,
  author = "Bill Joy and Guy Steele and James Gosling and Gilad Bracha",
  title = "Java Language Specification",
  edition = "Third",
  year = 2005,
  publisher = "Addison-Wesley"
}
